<record xmlns:xsi="http://www.w3.org/2001/XMLSchema-instance" xmlns="http://www.loc.gov/MARC21/slim" xsi:schemaLocation="http://www.loc.gov/MARC21/slim http://www.loc.gov/standards/marcxml/schema/MARC21slim.xsd">

  <leader>00584nam a2200181Ia 4500</leader>
  <datafield tag="999" ind2=" " ind1=" ">
    <subfield code="c">2201</subfield>
    <subfield code="d">2201</subfield>
  </datafield>
  <controlfield tag="008">171012b2003    cr ||||| |||| 00| | spa d</controlfield>
  <datafield tag="090" ind2=" " ind1=" ">
    <subfield code="a">16.04.01</subfield>
    <subfield code="b"> 506</subfield>
  </datafield>
  <datafield tag="100" ind1=" " ind2=" ">
    <subfield code="a">Portilla Gómez, Lucecita</subfield>
    <subfield code="9">3237</subfield>
  </datafield>
  <datafield tag="245" ind2="1" ind1="1">
    <subfield code="a">¿Cómo realizar un modelo de mapa de riesgos en la comunidad? / </subfield>
    <subfield code="c">Lucecita Portilla Gómez </subfield>
  </datafield>
  <datafield ind2=" " ind1=" " tag="260">
    <subfield code="a">San José, Costa Rica : </subfield>
    <subfield code="b">IIMEC, </subfield>
    <subfield code="c">[2003]</subfield>
  </datafield>
  <datafield tag="300" ind1=" " ind2=" ">
    <subfield code="a">17 páginas</subfield>
  </datafield>
  <datafield tag="650" ind2="4" ind1="1">
    <subfield code="a">GESTIÓN AMBIENTAL </subfield>
    <subfield code="9">2058</subfield>
  </datafield>
  <datafield tag="650" ind2="4" ind1="1">
    <subfield code="a">COMUNIDADES</subfield>
    <subfield code="9">519</subfield>
  </datafield>
  <datafield tag="650" ind1="1" ind2="4">
    <subfield code="a">DESASTRES </subfield>
    <subfield code="9">1892</subfield>
  </datafield>
  <datafield tag="650" ind2="4" ind1="1">
    <subfield code="a">EDUCACIÓN AMBIENTAL </subfield>
    <subfield code="9">439</subfield>
  </datafield>
  <datafield tag="650" ind1="1" ind2="4">
    <subfield code="a">MANUALES </subfield>
    <subfield code="9">426</subfield>
  </datafield>
  <datafield ind2=" " ind1=" " tag="942">
    <subfield code="2">z</subfield>
    <subfield code="c">04</subfield>
  </datafield>
</record>